@inproceedings{krone2011parallel,
  title={Parallel contour-buildup algorithm for the molecular surface},
  author={Krone, Michael and Grottel, Sebastian and Ertl, Thomas},
  booktitle={Biological Data Visualization (BioVis), 2011 IEEE Symposium on},
  pages={17--22},
  year={2011},
  organization={IEEE}
}

@inproceedings{lindow2010accelerated,
  title={Accelerated visualization of dynamic molecular surfaces},
  author={Lindow, Norbert and Baum, Daniel and Prohaska, Steffen and Hege, Hans-Christian},
  booktitle={Computer Graphics Forum},
  volume={29},
  number={3},
  pages={943--952},
  year={2010},
  organization={Wiley Online Library}
}

@article{totrov1996contour,
  title={The contour-buildup algorithm to calculate the analytical molecular surface},
  author={Totrov, Maxim and Abagyan, Ruben},
  journal={Journal of structural biology},
  volume={116},
  number={1},
  pages={138--143},
  year={1996},
  publisher={Elsevier}
}

@inproceedings{kauker2013rendering,
  title={Rendering molecular surfaces using order-independent transparency},
  author={Kauker, Daniel and Krone, Michael and Panagiotidis, Alexandros and Reina, Guido and Ertl, Thomas},
  booktitle={Proceedings of the 13th Eurographics Symposium on Parallel Graphics and Visualization},
  pages={33--40},
  year={2013},
  organization={Eurographics Association}
}

@article{decherchi2013general,
  title={A general and robust ray-casting-based algorithm for triangulating surfaces at the nanoscale},
  author={Decherchi, Sergio and Rocchia, Walter},
  journal={PloS one},
  volume={8},
  number={4},
  pages={e59744},
  year={2013},
  publisher={Public Library of Science}
}

@article{borland2011ambient,
  title={Ambient Occlusion Opacity Mapping for Visualization of Internal Molecular Structure.},
  author={Borland, David},
  journal={Journal of WSCG},
  volume={19},
  number={1},
  pages={17--24},
  year={2011},
  publisher={Citeseer}
}

@inproceedings{merrill2012scalable,
  title={Scalable GPU graph traversal},
  author={Merrill, Duane and Garland, Michael and Grimshaw, Andrew},
  booktitle={ACM SIGPLAN Notices},
  volume={47},
  number={8},
  pages={117--128},
  year={2012},
  organization={ACM}
}

@inproceedings{STAR2015,
  title={Visualization of biomolecular structures: state of the art},
  author={Kozlikova, Barbora and Krone, Michael and Lindow, Norbert and Falk, Martin and Baaden, Marc and Baum, Daniel and Viola, Ivan and Parulek, Julius and Hege, Hans-Christian and others},
  booktitle={Eurographics Conference on Visualization (EuroVis)-STARs, R. Borgo, F. Ganovelli, and I. Viola, Eds. The Eurographics Association},
  year={2015}
}

@article{Hensen2012,
    author = {Hensen, Ulf and Meyer, Tim and Haas, J\"{u}rgen and Rex, Ren\'{e} and Vriend, Gert and Grubm\"{u}ller, Helmut},
    day = {11},
    doi = {10.1371/journal.pone.0033931},
    journal = {PLoS ONE},
    number = {5},
    publisher = {Public Library of Science},
    title = {{Exploring Protein Dynamics Space: The Dynasome as the Missing Link between Protein Structure and Function}},
    url = {http://dx.doi.org/10.1371/journal.pone.0033931},
    volume = {7},
    year = {2012}
}

@book{alcantara2011efficient,
  title={Efficient hash tables on the gpu},
  author={Alcantara, Dan Anthony Feliciano},
  year={2011},
  publisher={University of California at Davis}
}
